<?xml version="1.0" encoding="UTF-8"?><collection xmlns="http://www.loc.gov/MARC21/slim"><record><leader>00325nam--2200109-i-4500</leader><controlfield tag="001">000026258</controlfield><controlfield tag="002">20161230</controlfield><controlfield tag="005">20161230201036</controlfield><controlfield tag="008">060222s1000------------r-----000-0-eng-d</controlfield><datafield ind1=" " ind2=" " tag="245"><subfield code="a">Instructiuni 158-65 pentru verificarea debitmetrelor de tip rotametru pentru gaze. ed.oficiala</subfield></datafield><datafield ind1=" " ind2=" " tag="260"><subfield code="a">Bucuresti, Esip, 1966. 27p</subfield></datafield><datafield ind1=" " ind2=" " tag="852"><subfield code="a">24606</subfield></datafield></record></collection>